@article{aleem2015comparative,
  title={Comparative performance analysis of machine learning techniques for software bug detection},
  author={Aleem, Saiqa and Capretz, Luiz Fernando and Ahmed, Faheem},
  journal={Computer Science and Information Technology (CS \& IT-CSCP 2015)},
  pages={71--79},
  year={2015},
  publisher={Citeseer}
}

@inproceedings{allen1970control,
  title={Control flow analysis},
  author={Allen, Frances E},
  booktitle={ACM Sigplan Notices},
  volume={5},
  number={7},
  pages={1--19},
  year={1970},
  organization={ACM}
}

@article{alrabaee2014oba2,
  title={OBA2: an onion approach to binary code authorship attribution},
  author={Alrabaee, Saed and Saleem, Noman and Preda, Stere and Wang, Lingyu and Debbabi, Mourad},
  journal={Digital Investigation},
  volume={11},
  pages={S94--S103},
  year={2014},
  publisher={Elsevier}
}

@inproceedings{awad2004effective,
  title={An effective support vector machines (SVMs) performance using hierarchical clustering},
  author={Awad, Mamoun and Khan, Latifur and Bastani, Farokh and Yen, I and others},
  booktitle={Tools with Artificial Intelligence, 2004. ICTAI 2004. 16th IEEE International Conference on},
  pages={663--667},
  year={2004},
  organization={IEEE}
}

@article{branco2012scientific,
  title={Scientific but not academical overview of malware anti-debugging, anti-disassembly and anti-vm technologies},
  author={Branco, Rodrigo Rubira and Barbosa, Gabriel Negreira and Neto, Pedro Drimel},
  journal={Black Hat},
  year={2012}
}

@inproceedings{caliskan2015anonymizing,
  title={De-anonymizing programmers via code stylometry},
  author={Caliskan-Islam, Aylin and Harang, Richard and Liu, Andrew and Narayanan, Arvind and Voss, Clare and Yamaguchi, Fabian and Greenstadt, Rachel},
  booktitle={24th USENIX Security Symposium (USENIX Security 15)},
  pages={255--270},
  year={2015}
}

@article{caliskan2015coding,
  title={When Coding Style Survives Compilation: De-anonymizing Programmers from Executable Binaries},
  author={Caliskan-Islam, Aylin and Yamaguchi, Fabian and Dauber, Edwin and Harang, Richard and Rieck, Konrad and Greenstadt, Rachel and Narayanan, Arvind},
  journal={arXiv preprint arXiv:1512.08546},
  year={2015}
}

@article{chang2011libsvm,
  title={LIBSVM: a library for support vector machines},
  author={Chang, Chih-Chung and Lin, Chih-Jen},
  journal={ACM Transactions on Intelligent Systems and Technology (TIST)},
  volume={2},
  number={3},
  pages={27},
  year={2011},
  publisher={ACM}
}

@inproceedings{cifuentes1993methodology,
  title={A methodology for decompilation},
  author={Cifuentes, Cristina and Gough, K John},
  booktitle={Proceedings of the XIX Conferencia Latinoamericana de Inform atica},
  pages={257--266},
  year={1993},
  organization={Citeseer}
}

@techreport{collberg1997taxonomy,
  title={A taxonomy of obfuscating transformations},
  author={Collberg, Christian and Thomborson, Clark and Low, Douglas},
  year={1997},
  institution={Department of Computer Science, The University of Auckland, New Zealand}
}

@article{fan2008liblinear,
  title={LIBLINEAR: A library for large linear classification},
  author={Fan, Rong-En and Chang, Kai-Wei and Hsieh, Cho-Jui and Wang, Xiang-Rui and Lin, Chih-Jen},
  journal={The Journal of Machine Learning Research},
  volume={9},
  pages={1871--1874},
  year={2008},
  publisher={JMLR. org}
}

@incollection{frantzeskou2006source,
  title={Source code author identification based on n-gram author profiles},
  author={Frantzeskou, Georgia and Stamatatos, Efstathios and Gritzalis, Stefanos and Katsikas, Sokratis},
  booktitle={Artificial Intelligence Applications and Innovations},
  pages={508--515},
  year={2006},
  publisher={Springer}
}

@article{guyon2003introduction,
  title={An introduction to variable and feature selection},
  author={Guyon, Isabelle and Elisseeff, Andr{\'e}},
  journal={The Journal of Machine Learning Research},
  volume={3},
  pages={1157--1182},
  year={2003},
  publisher={JMLR. org}
}

@inproceedings{hamlen2013stealthy,
  title={Stealthy software: Next-generation cyber-attacks and defenses},
  author={Hamlen, Kevin W},
  booktitle={Intelligence and Security Informatics (ISI), 2013 IEEE International Conference on},
  pages={109--112},
  year={2013},
  organization={IEEE}
}

@article{hayes2010recognizing,
  title={Recognizing authors: an examination of the consistent programmer hypothesis},
  author={Hayes, Jane Huffman and Offutt, Jeff},
  journal={Software Testing, Verification and Reliability},
  volume={20},
  number={4},
  pages={329--356},
  year={2010},
  publisher={Wiley Online Library}
}

@article{hsu2003practical,
  title={A practical guide to support vector classification},
  author={Hsu, Chih-Wei and Chang, Chih-Chung and Lin, Chih-Jen and others},
  year={2003}
}

@inproceedings{huang2013counterfeit,
  title={Counterfeit electronics: A rising threat in the semiconductor manufacturing industry},
  author={Huang, Ke and Carulli, John M and Makris, Yiorgos},
  booktitle={Test Conference (ITC), 2013 IEEE International},
  pages={1--4},
  year={2013},
  organization={IEEE}
}

@article{johnson2014identifying,
  title={Identifying idiolect in forensic authorship attribution: an n-gram textbite approach},
  author={Johnson, Alison and Wright, David},
  journal={Language and Law/Linguagem e Direito},
  volume={1},
  number={1},
  pages={37--69},
  year={2014},
  publisher={Faculdade de Letras da Universidade do Porto}
}

@inproceedings{linn2003obfuscation,
  title={Obfuscation of executable code to improve resistance to static disassembly},
  author={Linn, Cullen and Debray, Saumya},
  booktitle={Proceedings of the 10th ACM conference on Computer and communications security},
  pages={290--299},
  year={2003},
  organization={ACM}
}

@inproceedings{madou2006effectiveness,
  title={On the effectiveness of source code transformations for binary obfuscation},
  author={Madou, Matias and Anckaert, Bertrand and De Bus, Bruno and De Bosschere, Koen and Cappaert, Jan and Preneel, Bart},
  booktitle={Proceedings of the International Conference on Software Engineering Research and Practice (SERP06)},
  pages={527--533},
  year={2006},
  organization={CSREA Press}
}

@inproceedings{novillo2006gcc,
  title={GCCâ€”An Architectural Overview, Current Status, and Future Directions},
  author={Novillo, Diego},
  booktitle={Linux Symposium},
  volume={2},
  pages={185--200},
  year={2006}
}

@inproceedings{oman1989programming,
  title={Programming style authorship analysis},
  author={Oman, Paul W and Cook, Curtis R},
  booktitle={Proceedings of the 17th conference on ACM Annual Computer Science Conference},
  pages={320--326},
  year={1989},
  organization={ACM}
}

@article{reith2002examination,
  title={An examination of digital forensic models},
  author={Reith, Mark and Carr, Clint and Gunsch, Gregg},
  journal={International Journal of Digital Evidence},
  volume={1},
  number={3},
  pages={1--12},
  year={2002}
}

@inproceedings{rosenblum2011recovering,
  title={Recovering the toolchain provenance of binary code},
  author={Rosenblum, Nathan and Miller, Barton P and Zhu, Xiaojin},
  booktitle={Proceedings of the 2011 International Symposium on Software Testing and Analysis},
  pages={100--110},
  year={2011},
  organization={ACM}
}

@incollection{rosenblum2011wrote,
  title={Who wrote this code? identifying the authors of program binaries},
  author={Rosenblum, Nathan and Zhu, Xiaojin and Miller, Barton P},
  booktitle={Computer Security--ESORICS 2011},
  pages={172--189},
  year={2011},
  publisher={Springer}
}

@article{von2003community,
  title={Community, joining, and specialization in open source software innovation: a case study},
  author={Von Krogh, Georg and Spaeth, Sebastian and Lakhani, Karim R},
  journal={Research Policy},
  volume={32},
  number={7},
  pages={1217--1241},
  year={2003},
  publisher={Elsevier}
}

@incollection{wartell2011differentiating,
  title={Differentiating code from data in x86 binaries},
  author={Wartell, Richard and Zhou, Yan and Hamlen, Kevin W and Kantarcioglu, Murat and Thuraisingham, Bhavani},
  booktitle={Machine Learning and Knowledge Discovery in Databases},
  pages={522--536},
  year={2011},
  publisher={Springer}
}

@article{zacharaki2009classification,
  title={Classification of brain tumor type and grade using MRI texture and shape in a machine learning scheme},
  author={Zacharaki, Evangelia I and Wang, Sumei and Chawla, Sanjeev and Soo Yoo, Dong and Wolf, Ronald and Melhem, Elias R and Davatzikos, Christos},
  journal={Magnetic Resonance in Medicine},
  volume={62},
  number={6},
  pages={1609--1618},
  year={2009},
  publisher={Wiley Online Library}
}

@book{cristianini2000introduction,
  title={An introduction to support vector machines and other kernel-based learning methods},
  author={Cristianini, Nello and Shawe-Taylor, John},
  year={2000},
  publisher={Cambridge university press}
}
